@misc{INEGI2017EOD,
  author       = "{Instituto Nacional de Estadística y Geografía (INEGI)}",
  title        = "{Encuesta Origen–Destino en Hogares de la Zona Metropolitana del Valle de México 2017}",
  howpublished = "\url{https://www.inegi.org.mx/programas/eod/2017/}",
  year         = {2017},
  note         = {Consultado el 28 de agosto de 2025}
}

@online{came2018movilidad,
  author = {{Comisión Ambiental de la Megalópolis}},
  title  = {Afrontando el reto de la movilidad sustentable en la ZMVM},
  year   = {2018},
  url    = {https://www.gob.mx/comisionambiental/articulos/afrontando-el-reto-de-la-movilidad-sustentable-en-la-zmvm?idiom=es},
}
